<collection xmlns="http://www.loc.gov/MARC21/slim"><record><leader>00710nam  2200217   450</leader><controlfield tag="001">682</controlfield><controlfield tag="003">http://montalegre.opacnet.com/OPAC/default.aspx?ContentAreaControl=ShowRegHoldings.ascx&amp;RegNo=16662</controlfield><datafield tag="100" ind1=" " ind2=" "><subfield code="a">20061013d19811990d  y0pory0103    ba</subfield></datafield><datafield tag="101" ind1="0" ind2=" "><subfield code="a">por</subfield></datafield><datafield tag="102" ind1=" " ind2=" "><subfield code="a">PT</subfield></datafield><datafield tag="200" ind1="1" ind2=" "><subfield code="a">&lt;A &gt;onda grande e boa</subfield><subfield code="f">Carlos Pinhão</subfield><subfield code="g">ilustraçöes de Paula Amaral</subfield></datafield><datafield tag="210" ind1=" " ind2=" "><subfield code="a">[S.l.]</subfield><subfield code="c">Horizonte</subfield><subfield code="d">cop.1981</subfield></datafield><datafield tag="215" ind1=" " ind2=" "><subfield code="a">32p.</subfield><subfield code="c">il.</subfield><subfield code="d">23cm</subfield></datafield><datafield tag="225" ind1="2" ind2=" "><subfield code="a">Pássaro livre</subfield><subfield code="v">26</subfield></datafield><datafield tag="300" ind1=" " ind2=" "><subfield code="a">Obra duplicada</subfield></datafield><datafield tag="675" ind1=" " ind2=" "><subfield code="a">82-93</subfield></datafield><datafield tag="700" ind1=" " ind2="1"><subfield code="a">Pinhão</subfield><subfield code="b">Carlos</subfield><subfield code="f">1924-1993</subfield></datafield><datafield tag="702" ind1=" " ind2="1"><subfield code="a">Amaral</subfield><subfield code="b">Paula</subfield><subfield code="4">440</subfield></datafield><datafield tag="801" ind1=" " ind2="0"><subfield code="a">PT</subfield><subfield code="b">Biblioteca Municipal de Montalegre</subfield><subfield code="g">RPC</subfield></datafield><datafield tag="856" ind1=" " ind2=" "><subfield code="u">locateMedia.asp?cod=20060524152400&amp;ext=jpg</subfield><subfield code="z">CAPA</subfield></datafield><datafield tag="909" ind1="&#9;" ind2=" "><subfield code="a">2</subfield></datafield><datafield tag="966" ind1=" " ind2=" "><subfield code="a">0001639</subfield><subfield code="l">BMM</subfield><subfield code="s">SI 82-93 PIN ond 26</subfield></datafield><datafield tag="966" ind1=" " ind2=" "><subfield code="a">0001640</subfield><subfield code="l">BMM</subfield><subfield code="s">SI 82-93 PIN ond 26</subfield></datafield></record></collection>